@misc{bvhttdl2024,
  author       = {Bộ Văn hóa, Thể thao và Du lịch},
  title        = {2024: Năm khởi sắc của du lịch Việt Nam},
  year         = {2025},
  url          = {https://bvhttdl.gov.vn/2024-nam-khoi-sac-cua-du-lich-viet-nam-20250102081702859.htm},
  note         = "Truy cập ngày 29/03/2025"
}

@misc{vntrip,
  author = "{VNTrip}",
  title = "VNTrip - Đặt phòng khách sạn và vé máy bay",
  year = "2014",
  url = "https://www.vntrip.vn",
  note = "Truy cập ngày 30/03/2025"
}

@misc{tripcom,
  author       = {Trip.com},
  title        = {Trip.com},
  howpublished = {\url{https://www.trip.com}},
  note         = {Truy cập ngày 31 tháng 3 năm 2025}
}

@misc{tripadvisor,
  author       = {TripAdvisor},
  title        = {TripAdvisor},
  howpublished = {\url{https://www.tripadvisor.com}},
  note         = {Truy cập ngày 31 tháng 3 năm 2025}
}

@misc{tripit,
  author       = {TripIt},
  title        = {TripIt},
  howpublished = {\url{https://www.tripit.com}},
  note         = {Truy cập ngày 31 tháng 3 năm 2025}
}

@misc{triphunter,
  author = "{TripHunter}",
  title = "TripHunter - Lập kế hoạch du lịch tự động",
  year = "2019",
  url = "https://www.triphunter.vn",
  note = "Truy cập ngày 30/03/2025"
}

@misc{mytour,
  author = "{MyTour}",
  title = "MyTour - Đặt phòng khách sạn trực tuyến",
  year = "2020",
  url = "https://www.mytour.vn",
  note = "Truy cập ngày 30/03/2025"
}



@misc{flutter_doc,
  author = {{Google}},
  title = {Flutter Documentation},
  howpublished = {\url{https://docs.flutter.dev/}},
  year = {2025}, % Thay bằng năm bạn tham khảo/phiên bản framework
  note = {Truy cập ngày 03-04-2025}
}

@misc{dart_lang_doc,
  author = {{Google}},
  title = {Dart Language Documentation},
  howpublished = {\url{https://dart.dev/guides}}, % Hoặc URL cụ thể hơn
  year = {2025}, % Thay bằng năm bạn tham khảo/phiên bản ngôn ngữ
  note = {Truy cập ngày 03-04-2025}
}

% === Kiến trúc ===

@misc{clean_arch,
  author = {Flutter},
  title = {Guide to app architecture},
  url = "https://docs.flutter.dev/app-architecture/guide",
  note = {Truy cập ngày 03-04-2025},

}

@misc{feature_first,
  author = {Andrea Bizzotto},
  title = {Flutter Clean Architecture: Feature First},
  url = "https://codewithandrea.com/articles/flutter-project-structure/",
  note = {Truy cập ngày 03-04-2025},
}

% === State Management Packages ===

@misc{bloc_package,
  author = {Felix Angelov}, % Kiểm tra lại tác giả trên pub.dev
  title = {flutter\_bloc package},
  howpublished = {\url{https://pub.dev/packages/flutter_bloc}},
  year = {2025}, % Kiểm tra phiên bản package bạn dùng
  note = {Truy cập ngày 03-04-2025}
}



@misc{flutter_map_package,
  author = {fleaflet.dev}, 
  title = {flutter\_map package},
  howpublished = {\url{https://pub.dev/packages/flutter_map}},
  year = {2025}, % Kiểm tra phiên bản package bạn dùng
  note = {Truy cập ngày 03-04-2025}
}

@misc{osm_website,
  author = {{OpenStreetMap Contributors}},
  title = {OpenStreetMap},
  howpublished = {\url{https://www.openstreetmap.org/}},
  year = {2025}, % Năm truy cập
  note = {Truy cập ngày 03-04-2025}
}

% === Notification & Background Packages ===

@misc{local_notifications_package,
  author = {dexterx.dev}, 
  title = {flutter\_local\_notifications package},
  howpublished = {\url{https://pub.dev/packages/flutter_local_notifications}},
  year = {2025}, % Kiểm tra phiên bản package bạn dùng
  note = {Truy cập ngày 03-04-2025}
}

@misc{background_service_package,
  author = {maseka.dev},
  title = {flutter\_background\_service package}, % Đảm bảo đúng tên package bạn dùng
  howpublished = {\url{https://pub.dev/packages/flutter_background_service}}, % Đảm bảo đúng URL package
  year = {2025}, % Kiểm tra phiên bản package bạn dùng
  note = {Truy cập ngày 03-04-2025}
}
@misc{supabase_doc,
  author = {{Supabase}},
  title = {Supabase Documentation},
  howpublished = {\url{https://supabase.com/docs}},
  year = {2025}, % Thay bằng năm bạn tham khảo/phiên bản
  note = {Truy cập ngày 03-04-2025}
}

@misc{postgresql_doc,
  author = {{PostgreSQL Global Development Group}},
  title = {PostgreSQL Documentation},
  howpublished = {\url{https://www.postgresql.org/docs/}}, % Có thể dẫn đến phiên bản cụ thể bạn dùng
  year = {2025}, % Thay bằng năm bạn tham khảo/phiên bản
  note = {Truy cập ngày 03-04-2025}
}

@misc{supabase_realtime_doc,
  author = {{Supabase}},
  title = {Supabase Realtime Documentation},
  howpublished = {\url{https://supabase.com/docs/guides/realtime}}, % Hoặc URL cụ thể hơn về Presence
  year = {2025}, % Thay bằng năm bạn tham khảo/phiên bản
  note = {Truy cập ngày 03-04-2025}
}

@misc{supabase_auth_doc,
  author = {{Supabase}},
  title = {Supabase Auth Documentation},
  howpublished = {\url{https://supabase.com/docs/guides/auth}},
  year = {2025}, % Thay bằng năm bạn tham khảo/phiên bản
  note = {Truy cập ngày 03-04-2025}
}

@misc{postgres_functions_doc,
  author = {{PostgreSQL Global Development Group}},
  title = {PostgreSQL Documentation - Server Programming}, % Hoặc tiêu đề cụ thể hơn về Functions/PLpgSQL
  howpublished = {\url{https://www.postgresql.org/docs/current/server-programming.html}}, % Dẫn đến phiên bản bạn dùng
  year = {2025}, % Thay bằng năm bạn tham khảo/phiên bản
  note = {Truy cập ngày 03-04-2025}
}

@misc{supabase_cron_doc,
  author = {{Supabase}},
  title = {Supabase Cron Jobs (pg\_cron)},
  howpublished = {\url{https://supabase.com/docs/guides/database/extensions/pg_cron}},
  year = {2025}, % Thay bằng năm bạn tham khảo/phiên bản
  note = {Truy cập ngày 03-04-2025}
}

% @misc{supabase_storage_doc, % Bỏ comment nếu bạn dùng và muốn cite Supabase Storage
%   author = {{Supabase}},
%   title = {Supabase Storage Documentation},
%   howpublished = {\url{https://supabase.com/docs/guides/storage}},
%   year = {2025}, % Thay bằng năm bạn tham khảo/phiên bản
%   note = {Truy cập ngày 03-04-2025}
% }

@misc{python_doc,
  author = {{Python Software Foundation}},
  title = {Python Documentation},
  howpublished = {\url{https://docs.python.org/3/}}, % Dẫn đến phiên bản Python bạn dùng (e.g., 3.10)
  year = {2025}, % Thay bằng năm bạn tham khảo/phiên bản
  note = {Truy cập ngày 03-04-2025}
}

@misc{fastapi_doc,
  author = {Sebastián Ramírez},
  title = {FastAPI Documentation},
  howpublished = {\url{https://fastapi.tiangolo.com/}},
  year = {2025}, % Thay bằng năm bạn tham khảo/phiên bản
  note = {Truy cập ngày 03-04-2025}
}

@misc{tripvn_api,
  author = {{TripVN}}, % Hoặc tên công ty/đơn vị cung cấp API
  title = {TripVN API Documentation}, % Hoặc tên chính thức của tài liệu API
  howpublished = {\url{URL_CUA_TRIPVN_API_DOCS}}, % << THAY BẰNG URL THỰC TẾ (nếu có)
  year = {2025}, % Năm bạn tham khảo tài liệu API
  note = {Truy cập ngày 03-04-2025. (Cần kiểm tra URL và thông tin chi tiết)}
}

@misc{ticketbox_api,
  author = {{Ticketbox}}, % Hoặc tên công ty/đơn vị cung cấp API
  title = {Ticketbox API Documentation}, % Hoặc tên chính thức của tài liệu API
  howpublished = {\url{URL_CUA_TICKETBOX_API_DOCS}}, % << THAY BẰNG URL THỰC TẾ (nếu có)
  year = {2025}, % Năm bạn tham khảo tài liệu API
  note = {Truy cập ngày 03-04-2025. (Cần kiểm tra URL và thông tin chi tiết)}
}
